@book{mooremertens2011,
	title={The Nature of Computation},
	author={Moore, Christopher and Mertens Stephan},
	year={2011},
	publisher={OUP Oxford}
}
@misc{microsoft2018,
	title = {Quantum Computing for Computer Scientists},
	date = {2018},
	organization = {Youtube},
	author = {Microsoft Research},
	url = {https://www.youtube.com/watch?v=F_Riqjdh2oM},
}